@Book{d,
	author = "M. J. Kochenderfer",
	title = "Decision Making Under Uncertainty",
	publisher = "MIT Press",
	address = "Cambridge, MA",
	year = "2015"
}

@Book{ai,
	author = "S. J. Russell and P. Norvig",
	title = "Artificial Intelligence, A Modern Approach",
	edition = "3",
	publisher = "Prentice Hall",
	address = "Upper Saddle River, NJ",
	year = "2010"
}

@electronic{nneo,
	author = "Robert Xiao",
	title = "2048-ai",
	url = "https://github.com/nneonneo/2048-ai"
}

@electronic{stack,
	title = "What is the optimal algorithm for the game 2048",
	url = "https://stackoverflow.com/questions/22342854/what-is-the-optimal-algorithm-for-the-game-2048"
}

@electronic{2048,
	author = "G. Cirulli",
	url = "https://gabrielecirulli.github.io/2048/",
	title = "2048"
}

@Article{julia,
	author = {Jeff Bezanson, Alan Edelman, Stefan Karpinski and Viral B. Shah},
	title = {Julia: A Fresh Approach to Numerical Computing},
	journal = {SIAM Review},
	year = {2017},
	url = "http://julialang.org/publications/julia-fresh-approach-BEKS.pdf"
}
